@book{Muller-esterl,
author = {M{\"{u}}ller-esterl, Werner},
file = {:C$\backslash$:/Users/Bongo/Documents/Fh/Biotechnologie/Studien/Biochemie/Esterl Biochemie{\_}Eine{\_}Einleitung.pdf:pdf},
isbn = {9783662548509},
title = {{Biochemie}}
}
@book{Hubel1996,
author = {H{\"{u}}bel, M.},
doi = {10.1007/978-3-0348-0972-6},
file = {:C$\backslash$:/Users/Bongo/Documents/Fh/Biotechnologie/Studien/Analytik/Laborpraxis-Band-4-Analytische-Methoden.pdf:pdf},
isbn = {3-7643-5305-8},
pages = {153--189},
title = {{Laborpraxis 4, Analytische Methoden}},
year = {1996}
}
@article{Pertot1977,
author = {Pertot, E and Puc, A and Kremser, M},
file = {:C$\backslash$:/Users/Bongo/Documents/Fh/Biotechnologie/Studien/document.pdf:pdf},
pages = {14--15},
title = {{Applied Microbiology Lyophilization of Nonsporulating Strains}},
volume = {4},
year = {1977}
}
@book{Aprentas2017,
author = {Aprentas},
doi = {10.1007/978-3-0348-0966-5},
file = {:C$\backslash$:/Users/Bongo/Documents/Fh/Biotechnologie/Studien/Analytik/Laborpraxis-Band-1-Einf-hrung-Allgemeine-Methoden.pdf:pdf},
isbn = {978-3-0348-0965-8},
pages = {234},
title = {{Laborpraxis Band 1: Einf{\"{u}}hrung, Allgemeine Methoden}},
url = {http://link.springer.com/10.1007/978-3-0348-0966-5},
year = {2017}
}
@book{Berg2013,
abstract = {What does linguistic or cultural diversity look like in a mathematics classroom? How does such diversity influence the teaching or learning of.mathe- matics? In this chapter, I address these and related questions. Specifically, I draw on Bakhtin's notion of heteroglossia to analyse the literature on teaching and learning mathematics in linguistically diverse classrooms. Based on this analysis, I describe and discuss four tensions that arise in linguistically diverse mathematics classrooms: tensions between school and home languages; â€¢ between{\textperiodcentered} formal. and informal lan- guage in mathematics; between language policy and mathematics classroom prac- tice; and between a language for learning mathematics and a language for getting on in the world. These tensions can all be traced to an underlying tension between what. Bakhtin calls centripetal and centrifugal forces in language. I conclude by consider- ing some of the implications of my analysis for equity in mathematics teaching. .},
archivePrefix = {arXiv},
arxivId = {arXiv:1011.1669v3},
author = {Berg, Jeremy M. and Tymoczko, John L. and Stryer, Lubert},
doi = {10.1007/978-3-8274-2989-6},
eprint = {arXiv:1011.1669v3},
file = {:C$\backslash$:/Users/Bongo/Documents/Fh/Biotechnologie/Studien/Biochemie/Stryer-Biochemie.pdf:pdf},
isbn = {978-3-8274-2988-9},
issn = {15736059},
pmid = {20859797},
title = {{Stryer Biochemie}},
url = {http://link.springer.com/10.1007/978-3-8274-2989-6},
year = {2013}
}
@book{Infrarotspektroskopie2012,
author = {Infrarotspektroskopie, Fourier- Transform- and Lackner, Philipp},
file = {:C$\backslash$:/Users/Bongo/Documents/Fh/Biotechnologie/Studien/Analytik/Instrumentelles-und-Bioanalytisches-Praktikum.pdf:pdf},
isbn = {9783662541227},
number = {1027251},
pages = {1--20},
title = {{Instrumentelles und Bioanalytisches Praktikum}},
year = {2012}
}
@book{Aprentas2017a,
author = {Aprentas},
doi = {10.1007/978-3-0348-0968-9},
file = {:C$\backslash$:/Users/Bongo/Documents/Fh/Biotechnologie/Studien/Analytik/Laborpraxis-Band-2-Messmethoden.pdf:pdf},
isbn = {978-3-0348-0967-2},
pages = {125},
title = {{Laborpraxis Band 2: Messmethoden}},
year = {2017}
}
@book{,
abstract = {Filtrieren -- Trocknen -- Extrahieren -- Umf{\{}{\"{a}}{\}}llen -- Chemisch-physikalische Trennungen -- Umkristallisieren -- Destillation, Grundlagen -- Gleichstromdestillation -- Gegenstromdestillation -- Destillation azeotroper Gemische -- Ionenaustausch.-Chromatographie -- etc



Das vierb{\{}{\"{a}}{\}}ndige Standardwerk f{\{}{\"{u}}{\}}r die grundlegende praktische Arbeit im chemisch-pharmazeutischen Labor mit Schwerpunkt Synthesemethoden, Chromatographie und Spektroskopie liegt jetzt in der 6. v{\{}{\"{o}}{\}}llig neu {\{}{\"{u}}{\}}berarbeiteten Auflage vor. Es dient Berufseinsteigern als breit angelegtes Lehrmittel und erfahrenen Fachkr{\{}{\"{a}}{\}}ften als Nachschlagewerk mit {\{}{\"{u}}{\}}bersichtlich dargestellten theoretischen Grundlagen und konkreten, erprobten Anwendungsideen. Die theoretischen Grundlagen f{\{}{\"{u}}{\}}r jedes Kapitel sind gut lesbar abgefasst und unterst{\{}{\"{u}}{\}}tzen das Verst{\{}{\"{a}}{\}}ndnis f{\{}{\"{u}}{\}}r praktische Arbeiten und Ger{\{}{\"{a}}{\}}tefunktionen. Zu jedem Kapitel gibt es Hinweise auf vertiefende und weiterf{\{}{\"{u}}{\}}hrende Literatur. Arbeitssicherheit und -hygiene sowie die zw{\{}{\"{o}}{\}}lf Prinzipien der nachhaltigen Chemie finden neben den entsprechenden Kapiteln Beachtung. Die im Buch erw{\{}{\"{a}}{\}}hnten praktischen Grundlagen gr{\{}{\"{u}}{\}}nden auf Gegebenheiten in der chemisch-pharmazeutischen Industrie in der Schweiz. Sie finden im gesamten deutschsprachigen Raum Anwendung, auch in verwandten Arbeitsgebieten wie biochemischen, klinischen, werkstoffkundlichen oder universit{\{}{\"{a}}{\}}ren Laboratorien. Die Laborpraxis eignet sich f{\{}{\"{u}}{\}}r den Einsatz in der Grund- und in der Weiterbildung von Fachpersonal. Der Inhalt entspricht den aktuellen Anforderungen der Bildungsverordnung und des Bildungsplanes zum Beruf Laborantin / Laborant mit eidgen{\{}{\"{o}}{\}}ssischem F{\{}{\"{a}}{\}}higkeitszeugnis (EFZ), welche vom Staatssekretariat f{\{}{\"{u}}{\}}r Bildung, Forschung und Innovation (SBFI) in Bern verordnet wurden. Damit steht den Lernenden eine gute Grundlage f{\{}{\"{u}}{\}}r die Vorbereitung auf das Qualifikationsverfahren (QV) zur Verf{\{}{\"{u}}{\}}gung; Expertinnen und Experten st{\{}{\"{u}}{\}}tzen ihre pers{\{}{\"{o}}{\}}nlichen Vorbereitungsarbeiten und ihre fachlichen Beurteilungen auf dieses Buch. Band 1 und Band 2 behandeln ausf{\{}{\"{u}}{\}}hrlich die Grundlagen der Laborarbeit und ausgew{\{}{\"{a}}{\}}hlte Messtechniken. Band 3 ist auf pr{\{}{\"{a}}{\}}parative und analytische Trennungsmethoden, Band 4 auf nasschemische und spektroskopische Analysemethoden fokussiert. Sowohl konventionelle Methoden als auch modernste Techniken finden Erw{\{}{\"{a}}{\}}hnung. Der Fokus auf best{\{}{\"{a}}{\}}ndig g{\{}{\"{u}}{\}}ltigen Prinzipien erlaubt auch neue, nicht erw{\{}{\"{a}}{\}}hnte Techniktrends zu verstehen sowie die t{\{}{\"{a}}{\}}gliche Arbeit im chemisch-pharmazeutischen Labor zu reflektieren},
doi = {10.1007/978-3-0348-0970-2},
file = {:C$\backslash$:/Users/Bongo/Documents/Fh/Biotechnologie/Studien/Analytik/Laborpraxis-Band-3-Trennungsmethoden.pdf:pdf},
isbn = {978-3-0348-0969-6},
title = {{Laborpraxis Band 3: Trennungsmethoden}},
url = {http://link.springer.com/10.1007/978-3-0348-0970-2},
year = {2017}
}
@book{,
abstract = {Die Chromatograhie geh{\"{o}}rt wie die Elektrophorese zu den analytischen Trennmethoden, die auch im (semi)-pr{\"{a}}parativen Ma{\ss}stab durchgef{\"{u}}hrt werden k{\"{o}}nnen.},
archivePrefix = {arXiv},
arxivId = {arXiv:1011.1669v3},
doi = {10.1007/978-3-540-73804-6},
eprint = {arXiv:1011.1669v3},
file = {:C$\backslash$:/Users/Bongo/Documents/Fh/Biotechnologie/Studien/Analytik/Instrumentelle-Analytik-und-Bioanalytik-Biosubstanzen-Trennmethoden-Strukturanalytik-Applikationen.pdf:pdf},
isbn = {978-3-540-73803-9},
issn = {0937-7433},
pmid = {25052830},
title = {{Instrumentelle Analytik und Bioanalytik}},
url = {http://link.springer.com/10.1007/978-3-540-73804-6},
year = {2008}
}
@article{Attempts1853,
author = {Attempts, Early},
file = {:C$\backslash$:/Users/Bongo/Documents/Fh/Biotechnologie/Studien/10.1159@000388181.pdf:pdf},
title = {{THE LABORATORY CULTIVATION}},
year = {1853}
}
@misc{,
file = {:C$\backslash$:/Users/Bongo/Documents/Fh/Biotechnologie/Studien/Python/Theis T.-Einstieg in Python 3-Galileo Press Gmbh (2009).pdf:pdf},
title = {{Theis T.-Einstieg in Python 3-Galileo Press Gmbh (2009).pdf}}
}
@book{Linge2016,
abstract = {This book presents computer programming as a key method for solving mathematical problems. There are two versions of the book, one for MATLAB and one for Python. The book was inspired by the Springer book TCSE 6: A Primer on Scientific Programming with Python (by Langtangen), but the style is more accessible and concise, in keeping with the needs of engineering students. The book outlines the shortest possible path from no previous experience with programming to a set of skills that allows the students to write simple programs for solving common mathematical problems with numerical methods in engineering and science courses. The emphasis is on generic algorithms, clean design of programs, use of functions, and automatic tests for verification.},
archivePrefix = {arXiv},
arxivId = {arXiv:1011.1669v3},
author = {Linge, Svein and Langtangen, Hans Petter},
doi = {10.1007/978-3-319-32452-4},
eprint = {arXiv:1011.1669v3},
file = {:C$\backslash$:/Users/Bongo/Documents/Fh/Biotechnologie/Studien/Python/scientific{\_}computation{\_}python.pdf:pdf},
isbn = {978-3-319-32451-7},
issn = {1611-0994},
pmid = {190776759},
title = {{Programming for Computations - MATLAB/Octave}},
url = {http://link.springer.com/10.1007/978-3-319-32452-4},
volume = {14},
year = {2016}
}
@book{Schmidt2007,
abstract = {Immer einen Herzschlag voraus Der neue Schmidt/Lang halt auch in der 30. Auflage was er verspricht! Von der Zellphysiologie uber Neuro- und Sinnesphysiologie bis zur vegetativen Physiologie wird der komplette Prufungsstoff abgedeckt. Komplexe Mechanismen werden klassisch und molekularbiologisch erklart. Auch in der Vorklinik wird der Blick auf den Mediziner-Alltag immer wichtiger - noch mehr Klinikboxen helfen das Wesentliche schnell zu erfassen. Zusammenfassungen verschaffen einen guten Uberblick uber das Kapitel und eignen sich hervorragend zur Wiederholung. Durch den Roten Faden erkennen Sie mit einem Blick das Wesentliche. So uberzeugt das neue Lehrbuch mit einer optimalen Didaktik, zuverlassigem Prufungswissen und hochwertiger Ausstattung - Ihr Schrittmacher fur physiologisches Wissen. Erst lernen, dann uben: mit PIN fur Online-Zugang zu aktuellen IMPP-Physiologie-Fragen mit Antwortkommentaren},
archivePrefix = {arXiv},
arxivId = {arXiv:1011.1669v3},
author = {Schmidt, R F and Lang, Florian},
booktitle = {Mit Pathophysiologie},
doi = {10.1007/978-3-540-32910-7},
eprint = {arXiv:1011.1669v3},
file = {:C$\backslash$:/Users/Bongo/Documents/Fh/Biotechnologie/Studien/Physio/pysiologie-mensch.pdf:pdf},
isbn = {9783540329084},
issn = {1098-6596},
keywords = {Adolescence,Adolescencia,Adolescent,Adolescent Behavior,Adolescent Behavior: psychology,Adult,Agresiones al cuerpo,Attachment to the body,Attaque au corps,Autolesiones deliberadas,Automutilation d{\'{e}}lib{\'{e}}r{\'{e}}e,Body Piercing,Body Piercing: psychology,Body Piercing: statistics {\&} numerical data,Body image,CUERPO,Chile,Chile: epidemiology,Cosmetic Techniques,Deliberate self-harm,Epidemiologic Methods,Female,Humans,Image corporelle,Imagen corporal,JUVENTUD,MODIFICACIONES CORPORALES,Male,Motivation,Movement,Risk-Taking,Self Mutilation,Self Mutilation: physiopathology,Self Mutilation: ultrasonography,Sex Distribution,Speech Articulation Tests,Speech Intelligibility,Tattooing,Tattooing: psychology,Tattooing: statistics {\&} numerical data,Tongue,Tongue: injuries,Tongue: physiopathology,Tongue: ultrasonography,aesthetics,and on cor-,as none were found,autoinjury and health,body,complications did not,complications from inserting a,constituci{\'{o}}n del yo,control postural- estabilizaci{\'{o}}n- v{\'{i}}as,corporal modifications,corps,cuerpo,culturas juveniles,cultures juv{\'{e}}niles,epidural,esth{\'{e}}tique,est{\'{e}}tica,find any reports of,high resolution images,if neuraxial anes-,ing with neuraxial anesthesia,jeunesse,juvenile cultures,juventud,mecanismos de anteroalimentaci{\'{o}}n y,modificacio -,needle through a,nes corporales,perforaci{\'{o}}n corporal,piel,pr{\'{a}}ctica autolesiva,psicoan{\'{a}}lisis,research,retroalimentaci{\'{o}}n,risks management,segunda piel,sensitivas y motoras,spinal,sustainable reconstruction,tattoo,tattooing,tattoos,tatuaje,the literature on tattoos,was reviewed to see,youth},
number = {2},
pages = {979},
pmid = {25246403},
title = {{Physiologie des Menschen}},
url = {http://www.springerlink.com/content/978-3-540-32908-4/},
volume = {91},
year = {2007}
}
@book{Priv.-Doz.2004,
author = {Priv.-Doz. and Paul and Selzer, M and Marh{\"{o}}fer and Richard, J and Rohwer, Dr. Andreas},
doi = {10.1007/978-3-662-54135-7},
file = {:C$\backslash$:/Users/Bongo/Documents/Fh/Biotechnologie/Studien/Python/angewandte{\_}bioinformatik.pdf:pdf},
isbn = {9783540425687},
title = {{Angewandte Bioinformatik}},
year = {2004}
}
@book{Steyer2018,
author = {Steyer, Ralph},
file = {:C$\backslash$:/Users/Bongo/Documents/Fh/Biotechnologie/Studien/Python/programmierung python.pdf:pdf},
isbn = {9783658207045},
pages = {1--34},
title = {{Programmierung in Python}},
year = {2018}
}
@book{Fritsche,
author = {Fritsche, Olaf},
file = {:C$\backslash$:/Users/Bongo/Documents/Fh/Biotechnologie/Studien/Mibi/Mikrobiologie.pdf:pdf},
isbn = {9783662497289},
title = {{Mikrobiologie}}
}
@book{Steinbuchel2013,
abstract = {Mikro-biologisch, Mega-praktisch, Giga-gut Hier werden Mikroorganismen, ihre Wirkungen in Alltag und Umwelt sowie biotechnologische Produkte in einfachen und anschaulichen Versuchen sichtbar gemacht. Zu allen Versuchen werden die theoretischen Grundlagen ausf{\"{u}}hrlich dargestellt. Au{\ss}erdem geben Anleitungen zu Exkursionen und zur Demonstration von Anschauungsmaterial aus der Natur praktische Anregungen, wie Mikroorganismen 'vor Ort' erlebt werden k{\"{o}}nnen. Das Buch wendet sich prim{\"{a}}r an Studierende an Hoch- und Fachschulen. Aber auch Biologie-Leistungskurs-Sch{\"{u}}ler und Auszubildende in technischen.},
author = {Steinb{\"{u}}chel, Alexander and Oppermann-Sanio, Fred Bernd and Ewering, Christian and P{\"{o}}tter, Markus},
doi = {10.1007/978-3-642-25151-1},
file = {:C$\backslash$:/Users/Bongo/Documents/Fh/Biotechnologie/Studien/Mibi/Mikrobiologisches-Praktikum-Versuche-und-Theorie.pdf:pdf},
isbn = {978-3-642-25150-4},
issn = {00442208},
title = {{Mikrobiologisches Praktikum}},
url = {http://link.springer.com/10.1007/978-3-642-25151-1},
year = {2013}
}
@book{Fritschea,
author = {Fritsche, Olaf},
file = {:C$\backslash$:/Users/Bongo/Documents/Fh/Biotechnologie/Studien/MolBio/Biologie-f-r-Einsteiger-Prinzipien-des-Lebens-verstehen.pdf:pdf},
isbn = {9783662462775},
title = {{Biologie f{\"{u}}r Einsteiger}}
}
@book{Boujard2014,
abstract = {Dieses Buch gibt einen {\"{U}}berblick {\"{u}}ber die Gebiete der Zellbiologie und der Molekularbiologie (Genexpression, Kompartimentierung, Bioenergetik, Immunsystem etc.) sowie die entsprechenden experimentellen Methoden (Elektrophorese, Immunopr{\"{a}}zipitation, Fluoreszenz etc.). Die Darstellung ist an die Bed{\"{u}}rfnisse der Studierenden angepasst, die sich auf eine Pr{\"{u}}fung vorbereiten: {\"{U}}bersichtliche Zusammenfassungen erm{\"{o}}glichen ein effizientes Erlernen des Stoffs, der anhand von Multiple-Choice-Fragen und den korrekten Antworten {\"{u}}berpr{\"{u}}ft werden kann.},
author = {Boujard, Daniel and Anselme, Bruno and Cullin, Christophe and Ragu{\'{e}}n{\`{e}}s-Nicol, C{\'{e}}line},
doi = {10.1007/978-3-642-41761-0},
file = {:C$\backslash$:/Users/Bongo/Documents/Fh/Biotechnologie/Studien/MolBio/Zell-und-Molekularbiologie-im-berblick.pdf:pdf},
isbn = {978-3-642-41760-3},
title = {{Zell- und Molekularbiologie im {\"{U}}berblick}},
url = {http://link.springer.com/10.1007/978-3-642-41761-0},
year = {2014}
}
@book{Pantel2009,
abstract = {Basiskompetenzen f{\"{u}}r Laborneulinge},
archivePrefix = {arXiv},
arxivId = {arXiv:1011.1669v3},
author = {Pantel, Siegbert and Bannwarth, Horst},
booktitle = {Angewandte Chemie},
doi = {10.1007/978-3-540-85249-0},
eprint = {arXiv:1011.1669v3},
file = {:C$\backslash$:/Users/Bongo/Documents/Fh/Biotechnologie/Studien/Labwork/[2014]Einf{\"{u}}hrung-in-die-Laborpraxis-Basiskompetenzen-f{\"{u}}r-Laborneulinge.pdf:pdf},
isbn = {978-3-540-85177-6},
issn = {1098-6596},
number = {24},
pages = {857--857},
pmid = {25246403},
title = {{Einf{\"{u}}hrung in die Laborpraxis}},
url = {http://www.springerlink.com/index/10.1007/978-3-540-85249-0},
volume = {88},
year = {2009}
}
@book{Kremer,
author = {Kremer, Bruno and Bannwarth, Horst},
file = {:C$\backslash$:/Users/Bongo/Documents/Fh/Biotechnologie/Studien/Labwork/Einf{\"{u}}hrung-in-die-Laborpraxis-Basiskompetenzen-f{\"{u}}r-Laborneulinge.pdf:pdf},
isbn = {9783642170737},
publisher = {Springer Heidelberg Dordrecht London New York Die},
title = {{No Title}}
}
@article{Gerhards2014,
abstract = {Ergot alkaloids are nitrogen-containing natural products belonging to indole alkaloids. The best known producers are fungi of the phylum Ascomycota, e.g., Claviceps, Epichlo{\"{e}}, Penicillium and Aspergillus species. According to their structures, ergot alkaloids can be divided into three groups: clavines, lysergic acid amides and peptides (ergopeptines). All of them share the first biosynthetic steps, which lead to the formation of the tetracyclic ergoline ring system (except the simplest, tricyclic compound: chanoclavine). Different modifications on the ergoline ring by specific enzymes result in an abundance of bioactive natural products, which are used as pharmaceutical drugs or precursors thereof. From the 1950s through to recent years, most of the biosynthetic pathways have been elucidated. Gene clusters from several ergot alkaloid producers have been identified by genome mining and the functions of many of those genes have been demonstrated by knock-out experiments or biochemical investigations of the overproduced enzymes.},
author = {Gerhards, Nina and Neubauer, Lisa and Tudzynski, Paul and Li, Shu-Ming},
doi = {10.3390/toxins6123281},
file = {:C$\backslash$:/Users/Bongo/Documents/Fh/Biotechnologie/Studien/gerhards2014.pdf:pdf},
isbn = {2072-6651},
issn = {2072-6651},
journal = {Toxins},
number = {12},
pages = {3281--3295},
pmid = {25513893},
title = {{Biosynthetic Pathways of Ergot Alkaloids}},
url = {http://www.mdpi.com/2072-6651/6/12/3281/},
volume = {6},
year = {2014}
}
@book{Mulhardt2009,
abstract = {Lieber EXPERIMENTATOR, wir prasentieren Ihnen hier das Grundlagenwissen sowie Tipps und Tricks fur den Umgang mit Nucleinsauren. Sie werden sofort merken, dass der Autor Lust und Frust der taglichen Laborroutine genau kennt. Aus dem Inhalt: Praparieren, Fallen, Konzentrieren und Reinigen von Nucleinsauren Das molekularbiologische Handwerkszeug (Restriktionsenzyme, Gele, Blotten) PCR (Polymerase-Kettenreaktion) RNA-Isolierung, -Transkription Klonierung von DNA-Fragmenten DNA-Nachweis und -Analyse (Markierung von Sonden, Hybridisierung, Screening, Sequenzierung) Modifikation und Funktionsanalyse von DNA-Sequenzen (Mutagenese, In-vitro-Translation, transgene Mause, Transgenexpression, Gentherapie, Genomik) Lieferantenverzeichnis.Protokoll-Sammlungen gibt es viele, aber wer erklart einem, was sich hinter den Methoden verbirgt? Dieses Buch richtet sich an alle Experimentatoren, die molekularbiologische Versuche durchfuhren wollen und gerne nachvollziehen mochten, was sich in ihrem Reaktionsgefa abspielt. Das ganze Spektrum der ublichen molekularbiologischen Methoden wird vorgestellt, kommentiert und Alternativen aufgezeigt. Und weil die Laborversuche nicht alles sind, findet sich auch noch ein Kapitel zum Thema Karriereplanung. Der lockere Ton wendet sich gleichermaen an Studenten wie an BTAs und Laboranten, aber auch der alte Hase wird hier und dort noch etwas Neues entdecken. Die 6. Auflage wurde aktualisiert und um neue Entwicklungen in den Bereichen Sequenzierung und miRNA erganzt.},
archivePrefix = {arXiv},
arxivId = {361590},
author = {M{\"{u}}lhardt, Cornel},
booktitle = {Genomics},
doi = {10.1007/978-3-8274-2158-6},
eprint = {361590},
file = {:C$\backslash$:/Users/Bongo/Documents/Fh/Biotechnologie/Studien/Labwork/Der-Experimentator-Molekularbiologie-Genomics.pdf:pdf},
isbn = {9783827423696},
issn = {10933263},
pages = {316},
pmid = {16002307},
title = {{Der Experimentator: Molekularbiologie/ Genomics}},
url = {http://www.springerlink.com/index/10.1007/978-3-8274-2158-6},
volume = {24},
year = {2009}
}
@misc{,
file = {:C$\backslash$:/Users/Bongo/Documents/Fh/Biotechnologie/Studien/US20150361471A1.pdf:pdf},
title = {{US20150361471A1.pdf}}
}
@article{Haas2018,
abstract = {Solar-powered electrochemical reduction of CO2 and H2O to syngas, followed by fermentation, could lead to sustainable production of useful chemicals. However, due to insufficient electric current densities and instabilities of current CO2-to-CO electrolysers, a practical, scalable artificial photosynthesis remains a major challenge. Here, we address these problems using a commercially available silver-based gas diffusion electrode (used in industrial-scale chlorineâ€“alkaline electrolysis) as the cathode in the CO2 electrolyser. Electric current densities up to 300 mA cmâ€“2 were demonstrated for more than 1,200 hours with continuous operation. This CO2 electrolyser was coupled to a fermentation module, where the out-coming syngas from the CO2 electrolyser was converted to butanol and hexanol with high carbon selectivity. Conversion of photovoltaic electricity, CO2 and H2O to the desired alcohols achieved close to 100{\%} Faradaic efficiency. Industrial production of useful and high-value chemicals via artificial photosynthesis is closer than expected with the proposed scalable hybrid system.},
author = {Haas, Thomas and Krause, Ralf and Weber, Rainer and Demler, Martin and Schmid, Guenter},
doi = {10.1038/s41929-017-0005-1},
file = {:C$\backslash$:/Users/Bongo/Documents/Fh/Biotechnologie/Studien/s41929-017-0005-1.pdf:pdf},
isbn = {2520-1158},
issn = {2520-1158},
journal = {Nature Catalysis},
number = {1},
pages = {32--39},
publisher = {Springer US},
title = {{Technical photosynthesis involving CO2 electrolysis and fermentation}},
url = {http://www.nature.com/articles/s41929-017-0005-1},
volume = {1},
year = {2018}
}
@misc{Antwerpes2018,
author = {Antwerpes, Frank and Stolze, Yvonne and Ostendorf, Norbert},
pages = {1},
title = {{Blutzelle - DocCheck Flexikon}},
url = {http://flexikon.doccheck.com/de/Blutzellen{\#}},
urldate = {2018-06-24},
year = {2018}
}
@article{Burton2011,
abstract = {Handwashing is thought to be effective for the prevention of transmission of diarrhoea pathogens. However it is not conclusive that handwashing with soap is more effective at reducing contamination with bacteria associated with diarrhoea than using water only. In this study 20 volunteers contaminated their hands deliberately by touching door handles and railings in public spaces. They were then allocated at random to (1) handwashing with water, (2) handwashing with non-antibacterial soap and (3) no handwashing. Each volunteer underwent this procedure 24 times, yielding 480 samples overall. Bacteria of potential faecal origin (mostly Enterococcus and Enterobacter spp.) were found after no handwashing in 44{\%} of samples. Handwashing with water alone reduced the presence of bacteria to 23{\%} (p {\textless} 0.001). Handwashing with plain soap and water reduced the presence of bacteria to 8{\%} (comparison of both handwashing arms: p {\textless} 0.001). The effect did not appear to depend on the bacteria species. Handwashing with non-antibacterial soap and water is more effective for the removal of bacteria of potential faecal origin from hands than handwashing with water alone and should therefore be more useful for the prevention of transmission of diarrhoeal diseases.},
author = {Burton, Maxine and Cobb, Emma and Donachie, Peter and Judah, Gaby and Curtis, Val and Schmidt, Wolf Peter},
doi = {10.3390/ijerph8010097},
isbn = {1473-3099},
issn = {16604601},
journal = {International Journal of Environmental Research and Public Health},
keywords = {Hygiene,Infection,Trial},
pmid = {21318017},
title = {{The effect of handwashing with water or soap on bacterial contamination of hands}},
year = {2011}
}
@article{Luby2005,
abstract = {Background: More than 3{\textperiodcentered}5 million children aged less than 5 years die from diarrhoea and acute lower respiratory-tract infection every year. We undertook a randomised controlled trial to assess the effect of handwashing promotion with soap on the incidence of acute respiratory infection, impetigo, and diarrhoea. Methods: In adjoining squatter settlements in Karachi, Pakistan, we randomly assigned 25 neighbourhoods to handwashing promotion; 11 neighbourhoods (306 households) were randomised as controls. In neighbourhoods with handwashing promotion, 300 households each were assigned to antibacterial soap containing 1{\textperiodcentered}2{\%} triclocarban and to plain soap. Fieldworkers visited households weekly for 1 year to encourage handwashing by residents in soap households and to record symptoms in all households. Primary study outcomes were diarrhoea, impetigo, and acute respiratory-tract infections (ie, the number of new episodes of illness per person-weeks at risk). Pneumonia was defined according to the WHO clinical case definition. Analysis was by intention to treat. Findings: Children younger than 5 years in households that received plain soap and handwashing promotion had a 50{\%} lower incidence of pneumonia than controls (95{\%} CI (-65{\%} to -34{\%}). Also compared with controls, children younger than 15 years in households with plain soap had a 53{\%} lower incidence of diarrhoea (-65{\%} to -41{\%}) and a 34{\%} lower incidence of impetigo (-52{\%} to -16{\%}). Incidence of disease did not differ significantly between households given plain soap compared with those given antibacterial soap. Interpretation: Handwashing with soap prevents the two clinical syndromes that cause the largest number of childhood deaths globally - namely, diarrhoea and acute lower respiratory infections. Handwashing with daily bathing also prevents impetigo.},
archivePrefix = {arXiv},
arxivId = {10.1016/S0140-6736(05)66912-7},
author = {Luby, Stephen P. and Agboatwalla, Mubina and Feikin, Daniel R. and Painter, John and Billhimer, Ward and Altaf, Arshad and Hoekstra, Robert M.},
doi = {10.1016/S0140-6736(05)66912-7},
eprint = {S0140-6736(05)66912-7},
isbn = {1474-547X (Electronic){\$}\backslash{\$}r0140-6736 (Linking)},
issn = {01406736},
journal = {Lancet},
pmid = {16023513},
primaryClass = {10.1016},
title = {{Effect of handwashing on child health: A randomised controlled trial}},
year = {2005}
}
@misc{Curtis2003,
abstract = {We set out to determine the impact of washing hands with soap on the risk of diarrhoeal diseases in the community with a systematic review with random effects metaanalysis. Our data sources were studies linking handwashing with diarrhoeal diseases. Seven intervention studies, six case-control, two cross-sectional, and two cohort studies were located from electronic databases, hand searching, and the authors' collections. The pooled relative risk of diarrhoeal disease associated with not washing hands from the intervention trials was 1.88 (95{\%} CI 1.31-2.68), implying that handwashing could reduce diarrhoea risk by 47{\%}. When all studies, when only those of high quality, and when only those studies specifically mentioning soap were pooled, risk reduction ranged from 42-44{\%}. The risks of severe intestinal infections and of shigellosis were associated with reductions of 48{\%} and 59{\%}, respectively. In the absence of adequate mortality studies, we extrapolate the potential number of diarrhoea deaths that could be averted by handwashing at about a million (1.1 million, lower estimate 0.5 million, upper estimate 1.4 million). Results may be affected by the poor quality of many of the studies and may be inflated by publication bias. On current evidence, washing hands with soap can reduce the risk of diarrhoeal diseases by 42-47{\%} and interventions to promote handwashing might save a million lives. More and better-designed trials are needed to measure the impact of washing hands on diarrhoea and acute respiratory infections in developing countries.},
archivePrefix = {arXiv},
arxivId = {arXiv:1011.1669v3},
author = {Curtis, Val and Cairncross, Sandy},
booktitle = {Lancet Infectious Diseases},
doi = {10.1016/S1473-3099(03)00606-6},
eprint = {arXiv:1011.1669v3},
isbn = {1473-3099 (Print)$\backslash$r1473-3099 (Linking)},
issn = {14733099},
pmid = {12726975},
title = {{Effect of washing hands with soap on diarrhoea risk in the community: A systematic review}},
year = {2003}
}
